<record><leader>00000cas a2200000 a 4500</leader><controlfield tag="001">9150665</controlfield><controlfield tag="008">830121c19169999msudn ne      0   a0eng c</controlfield><controlfield tag="009">246</controlfield><datafield ind1=" " ind2=" " tag="010"><subfield code="a">sn 85034525 </subfield><subfield code="z">sn 84020279 </subfield></datafield><datafield ind1=" " ind2=" " tag="040"><subfield code="a">IGA</subfield><subfield code="b">eng</subfield><subfield code="c">IGA</subfield><subfield code="d">NPU</subfield><subfield code="d">NSD</subfield><subfield code="d">DLC</subfield><subfield code="d">PPM</subfield><subfield code="d">OCL</subfield><subfield code="d">MSJ</subfield><subfield code="d">KNP</subfield><subfield code="d">NSD</subfield><subfield code="d">KNP</subfield><subfield code="d">NVF</subfield><subfield code="d">OCLCQ</subfield><subfield code="d">DLC</subfield><subfield code="d">KRTAS</subfield><subfield code="d">OCLCQ</subfield><subfield code="d">CUI</subfield><subfield code="d">DLC</subfield><subfield code="d">OCLCF</subfield><subfield code="d">OCLCA</subfield></datafield><datafield ind1=" " ind2=" " tag="012"><subfield code="m">1</subfield></datafield><datafield ind1=" " ind2=" " tag="019"><subfield code="a">10549433</subfield></datafield><datafield ind1="1" ind2=" " tag="022"><subfield code="a">0888-8744</subfield><subfield code="l">0888-8744</subfield><subfield code="2">1</subfield></datafield><datafield ind1="1" ind2=" " tag="029"><subfield code="a">AU@</subfield><subfield code="b">000025784024</subfield></datafield><datafield ind1=" " ind2=" " tag="032"><subfield code="a">371820</subfield><subfield code="b">USPS</subfield></datafield><datafield ind1=" " ind2=" " tag="042"><subfield code="a">pcc</subfield><subfield code="a">nsdp</subfield></datafield><datafield ind1=" " ind2=" " tag="043"><subfield code="a">n-us-ms</subfield></datafield><datafield ind1="0" ind2="0" tag="050"><subfield code="a">Newspaper</subfield></datafield><datafield ind1=" " ind2="4" tag="050"><subfield code="a">AN</subfield></datafield><datafield ind1=" " ind2=" " tag="092"><subfield code="a">976.226</subfield><subfield code="b">N273N</subfield></datafield><datafield ind1="0" ind2=" " tag="130"><subfield code="a">Natchez Democrat (Natchez, Miss. : 1916)</subfield></datafield><datafield ind1=" " ind2="4" tag="222"><subfield code="a">The Natchez Democrat</subfield><subfield code="b">(1916)</subfield></datafield><datafield ind1="1" ind2="4" tag="245"><subfield code="a">The Natchez Democrat.</subfield></datafield><datafield ind1=" " ind2=" " tag="260"><subfield code="a">Natchez, Miss. :</subfield><subfield code="b">James K. Lambert,</subfield><subfield code="c">1916-</subfield></datafield><datafield ind1=" " ind2=" " tag="300"><subfield code="a">v. :</subfield><subfield code="b">ill. ;</subfield><subfield code="c">57 cm.</subfield></datafield><datafield ind1=" " ind2=" " tag="310"><subfield code="a">Daily (except Monday)</subfield></datafield><datafield ind1="0" ind2=" " tag="362"><subfield code="a">Vol. 51, new ser., no. 1 (Aug. 1, 1916)-</subfield></datafield><datafield ind1=" " ind2=" " tag="500"><subfield code="a">Published by: Natchez Democrat Print. and Pub. Co.; Natchez Newspapers, Inc., &lt;Apr. 22, 1986&gt;.</subfield></datafield><datafield ind1=" " ind2=" " tag="500"><subfield code="a">Mar. 11/24, 1938 issue called also "Pilgrimage ed."</subfield></datafield><datafield ind1=" " ind2=" " tag="530"><subfield code="a">Also available on microfilm from the Library of Congress, Photoduplication Service.</subfield></datafield><datafield ind1=" " ind2="0" tag="650"><subfield code="a">Plantations</subfield><subfield code="z">Mississippi</subfield><subfield code="z">Natchez</subfield><subfield code="v">Newspapers.</subfield></datafield><datafield ind1=" " ind2="0" tag="651"><subfield code="a">Natchez (Miss.)</subfield><subfield code="x">History</subfield><subfield code="v">Newspapers.</subfield></datafield><datafield ind1=" " ind2="0" tag="651"><subfield code="a">Natchez (Miss.)</subfield><subfield code="v">Newspapers.</subfield></datafield><datafield ind1=" " ind2="0" tag="651"><subfield code="a">Adams County (Miss.)</subfield><subfield code="v">Newspapers.</subfield></datafield><datafield ind1=" " ind2="7" tag="655"><subfield code="a">History.</subfield><subfield code="2">fast</subfield><subfield code="0">(OCoLC)fst01411628</subfield></datafield><datafield ind1=" " ind2="7" tag="655"><subfield code="a">Newspapers.</subfield><subfield code="2">fast</subfield><subfield code="0">(OCoLC)fst01423814</subfield></datafield><datafield ind1=" " ind2="7" tag="650"><subfield code="a">Plantations.</subfield><subfield code="2">fast</subfield><subfield code="0">(OCoLC)fst01065800</subfield></datafield><datafield ind1=" " ind2="7" tag="651"><subfield code="a">Mississippi</subfield><subfield code="z">Adams County.</subfield><subfield code="2">fast</subfield><subfield code="0">(OCoLC)fst01214708</subfield></datafield><datafield ind1=" " ind2="7" tag="651"><subfield code="a">Mississippi</subfield><subfield code="z">Natchez.</subfield><subfield code="2">fast</subfield><subfield code="0">(OCoLC)fst01204961</subfield></datafield><datafield ind1=" " ind2=" " tag="752"><subfield code="a">United States</subfield><subfield code="b">Mississippi</subfield><subfield code="c">Adams</subfield><subfield code="d">Natchez.</subfield></datafield><datafield ind1="0" ind2="0" tag="780"><subfield code="t">Natchez news-Democrat</subfield><subfield code="w">(DLC)sn 84020281</subfield><subfield code="w">(OCoLC)10551134</subfield></datafield><datafield ind1=" " ind2=" " tag="938"><subfield code="a">Kirtas Technologies, Inc.</subfield><subfield code="b">KRTS</subfield><subfield code="n">736141</subfield></datafield></record>